@book{casella2002statistical,
  title = {Statistical inference},
  author = {Casella, George and Berger, Roger L},
  publisher = {Duxbury Pacific Grove, CA},
  timestamp = {2017-04-12T12:14:31.000+0200},
  volume = 2,
  year = 2002
}

@book{muirhead1982aspects,
  title={Aspects of multivariate statistical theory},
  author={Muirhead, Robb J},
  year={1982},
  publisher={John Wiley \& Sons}
}

@book{christensen2002plane,
  title={Plane answers to complex questions},
  author={Christensen, Ronald and others},
  volume={35},
  number={1},
  year={2002},
  publisher={Springer}
}