@book{casella2002statistical,
  title = {Statistical inference},
  author = {Casella, George and Berger, Roger L},
  publisher = {Duxbury Pacific Grove, CA},
  timestamp = {2017-04-12T12:14:31.000+0200},
  volume = 2,
  year = 2002
}